@article{nogueira,
    author  = "Fernando Nogueira",
    title   = "{P}roblema da {Á}rvore {G}erador {M}ínima",
    journal = "UFJF",
    volume  = "",
    pages   = "15"
}
@article{unicamp,
    author  = "Prado, F. and Almeida, T. and Souza, V. N.",
    title   = "{I}ntrodução ao {E}studo sobre {Á}rvore {G}eradora {M}ínima em {G}rafos com {P}arâmetros {F}uzzy",
    journal = "UNICAMP - Faculdade de Engenharia Elétrica",
    pages   = "52"
}
