@article{nogueira,
    author  = "Fernando Nogueira",
    title   = "{P}roblema da {Á}rvore {G}erador {M}ínima",
    journal = "UFJF",
    volume  = "",
}
@article{unicamp,
    author  = "Prado, F. and Almeida, T. and Souza, V. N.",
    title   = "{I}ntrodução ao {E}studo sobre {Á}rvore {G}eradora {M}ínima em {G}rafos com {P}arâmetros {F}uzzy",
    journal = "UNICAMP - Faculdade de Engenharia Elétrica",
}

@inbook{Cormem,
	author 	= "Cormem, Thomas H. and Leiserson, Charles E. and Rivest, Ronald L. and Stein, Clifford",
	title	= "Introduction to Algorithms",
	chapter	= "21: Data structures for Disjoint Sets",
	pages	= "498-524",
	publisher = "MIT Press",
	year	= "2001",
	edition	= "Second",
	volume	= "ISBN 0-262-03293-7"
}

@misc{niltonvasques,
  author = "Nilton Vasques",
  title = "Árvore Geradora Mínima - Teoria dos Grafos",
  year = 2013,
  howpublished = {\url{https://github.com/niltonvasques/teoria-dos-grafos}}
}

@misc{slideDCC,
  author = "UFBA",
  title = "Site Disciplinas DCC UFBA",
  year = 2014,
  howpublished = {\url{https://disciplinas.dcc.ufba.br/pub/MATA53/SemestreCorrente/Aula_04_TG_Isomorfismo.ppt}}
}

@misc{yorkCollege,
  author = "York College",
  title = "Site das notas de aulas da York College os PA York.",
  year = 2014,
  howpublished = {\url{https://disciplinas.dcc.ufba.br/pub/MATA53/SemestreCorrente/Aula_04_TG_Isomorfismo.ppt}}
}
